[gd_scene load_steps=4 format=2]

[ext_resource path="res://player/projectiles/moneybomb/moneybomb.gd" type="Script" id=1]
[ext_resource path="res://player/projectiles/moneybomb/moneybomb.png" type="Texture" id=2]

[sub_resource type="CircleShape2D" id=1]
radius = 13.0

[node name="moneybomb" type="KinematicBody2D"]
collision_layer = 0
collision_mask = 20
script = ExtResource( 1 )

[node name="CollisionShape2D" type="CollisionShape2D" parent="."]
shape = SubResource( 1 )

[node name="Sprite" type="Sprite" parent="."]
texture = ExtResource( 2 )

[node name="moneybomb_lifespan_timer" type="Timer" parent="."]
wait_time = 1.3
one_shot = true

[node name="bag_center" type="Position2D" parent="."]
position = Vector2( 0, 2 )

[node name="coin_targets" type="Node2D" parent="."]

[node name="Position2D" type="Position2D" parent="coin_targets"]
position = Vector2( 6, 8 )

[node name="Position2D2" type="Position2D" parent="coin_targets"]
position = Vector2( -5, 8 )

[node name="Position2D3" type="Position2D" parent="coin_targets"]
position = Vector2( -5, -4 )

[node name="Position2D4" type="Position2D" parent="coin_targets"]
position = Vector2( 6, -4 )

[node name="Position2D5" type="Position2D" parent="coin_targets"]
position = Vector2( 4, 2 )

[node name="Position2D6" type="Position2D" parent="coin_targets"]
position = Vector2( -3, 2 )

[node name="Position2D7" type="Position2D" parent="coin_targets"]
position = Vector2( -1, -2 )

[node name="Position2D8" type="Position2D" parent="coin_targets"]
position = Vector2( 2, -2 )

[node name="Position2D9" type="Position2D" parent="coin_targets"]
position = Vector2( 2, 5 )

[node name="Position2D10" type="Position2D" parent="coin_targets"]
position = Vector2( -1, 5 )

[connection signal="timeout" from="moneybomb_lifespan_timer" to="." method="_on_moneybomb_lifespan_timer_timeout"]
